<record><leader>01567pam a2200409 i 4500</leader><controlfield tag="001">6758271</controlfield><controlfield tag="003">OCoLC</controlfield><controlfield tag="005">20141125145130.0</controlfield><controlfield tag="008">140605s2015    onc    j      000 f eng  </controlfield><datafield ind1=" " ind2=" " tag="016"><subfield code="a">20149030231</subfield></datafield><datafield ind1=" " ind2=" " tag="020"><subfield code="a">9781459407145 (pbk.)</subfield></datafield><datafield ind1=" " ind2=" " tag="020"><subfield code="a">1459407148 (pbk.)</subfield></datafield><datafield ind1=" " ind2=" " tag="020"><subfield code="a">9781459407152 (bound)</subfield></datafield><datafield ind1=" " ind2=" " tag="020"><subfield code="a">1459407156 (bound)</subfield></datafield><datafield ind1=" " ind2=" " tag="020"><subfield code="z">9781459407169 (epub)</subfield></datafield><datafield ind1=" " ind2=" " tag="035"><subfield code="a">ocn881138680</subfield></datafield><datafield ind1=" " ind2=" " tag="040"><subfield code="a">NLC</subfield><subfield code="b">eng</subfield><subfield code="e">rda</subfield><subfield code="c">NLC</subfield><subfield code="d">OCLCO</subfield><subfield code="d">OCLCF</subfield><subfield code="d">CDX</subfield><subfield code="d">BTCTA</subfield><subfield code="d">AEU</subfield></datafield><datafield ind1=" " ind2="4" tag="050"><subfield code="a">PR9199.4.H69</subfield><subfield code="b">R43 2015</subfield></datafield><datafield ind1=" " ind2="0" tag="055"><subfield code="a">PS8615 O9485</subfield><subfield code="b">R43 2015</subfield></datafield><datafield ind1="0" ind2="4" tag="082"><subfield code="a">jC813/.6</subfield><subfield code="2">23</subfield></datafield><datafield ind1=" " ind2=" " tag="090"><subfield code="a">PZ 7 H856 Re 2015</subfield><subfield code="b">AEU</subfield></datafield><datafield ind1="1" ind2=" " tag="100"><subfield code="a">Howling, Eric,</subfield><subfield code="d">1956-</subfield><subfield code="e">author.</subfield></datafield><datafield ind1="1" ind2="0" tag="245"><subfield code="a">Red zone rivals /</subfield><subfield code="c">Eric Howling.</subfield></datafield><datafield ind1=" " ind2="1" tag="264"><subfield code="a">Toronto :</subfield><subfield code="b">James Lorimer &amp; Company Ltd., Publishers,</subfield><subfield code="c">2015.</subfield></datafield><datafield ind1=" " ind2=" " tag="300"><subfield code="a">131 pages ;</subfield><subfield code="c">20 cm.</subfield></datafield><datafield ind1=" " ind2=" " tag="336"><subfield code="a">text</subfield><subfield code="b">txt</subfield><subfield code="2">rdacontent</subfield></datafield><datafield ind1=" " ind2=" " tag="337"><subfield code="a">unmediated</subfield><subfield code="b">n</subfield><subfield code="2">rdamedia</subfield></datafield><datafield ind1=" " ind2=" " tag="338"><subfield code="a">volume</subfield><subfield code="b">nc</subfield><subfield code="2">rdacarrier</subfield></datafield><datafield ind1="1" ind2=" " tag="490"><subfield code="a">Sports stories</subfield></datafield><datafield ind1=" " ind2=" " tag="590"><subfield code="a">University of Alberta copy in the Canadian Children's Book Centre Depository Collection.</subfield></datafield><datafield ind1=" " ind2=" " tag="596"><subfield code="a">41</subfield></datafield><datafield ind1=" " ind2="0" tag="650"><subfield code="a">Football stories.</subfield></datafield><datafield ind1="1" ind2=" " tag="776"><subfield code="a">Howling, Eric, 1956-, author.</subfield><subfield code="t">Red zone rivals.</subfield><subfield code="k">Sports stories (Toronto, Ont.)</subfield><subfield code="k">Sports stories</subfield><subfield code="w">(CaOONL)2014903024X</subfield></datafield><datafield ind1=" " ind2="0" tag="830"><subfield code="a">Sports stories (Toronto, Ont.)</subfield></datafield><datafield ind1=" " ind2=" " tag="949"><subfield code="a">PZ 7 H856 Re 2015</subfield><subfield code="c">1</subfield><subfield code="h">UAED-CU-B</subfield><subfield code="i">0162035200342</subfield></datafield><datafield ind1=" " ind2=" " tag="926"><subfield code="a">PZ 7 H856 Re 2015</subfield><subfield code="w">LC</subfield><subfield code="c">1</subfield><subfield code="i">0162035200342</subfield><subfield code="l">CURRICULUM</subfield><subfield code="m">UAEDUC</subfield><subfield code="p">$150.00</subfield><subfield code="r">Y</subfield><subfield code="s">Y</subfield><subfield code="t">BOOK</subfield><subfield code="u">12/12/2014</subfield></datafield><datafield ind1=" " ind2=" " tag="926"><subfield code="a">PZ 7 H856 Re 2015</subfield><subfield code="w">LC</subfield><subfield code="c">2</subfield><subfield code="i">0162034252385</subfield><subfield code="l">CCBCC</subfield><subfield code="m">UAEDUC</subfield><subfield code="p">$150.00</subfield><subfield code="r">Y</subfield><subfield code="s">Y</subfield><subfield code="t">NO_LOAN</subfield><subfield code="u">4/8/2015</subfield></datafield></record>